@inproceedings{DBLP:conf/crypto/LibertPJY13,
  author    = {Beno{\^{\i}}t Libert and
               Thomas Peters and
               Marc Joye and
               Moti Yung},
  title     = {Linearly Homomorphic Structure-Preserving Signatures and Their Applications},
  booktitle = {{CRYPTO} {(2)}},
  series    = {Lecture Notes in Computer Science},
  volume    = {8043},
  pages     = {289--307},
  publisher = {Springer},
  year      = {2013}
}



@inproceedings{DBLP:conf/icalp/PrabhakaranR08,
  author    = {Manoj Prabhakaran and
               Mike Rosulek},
  title     = {Homomorphic Encryption with {CCA} Security},
  booktitle = {{ICALP} {(2)}},
  series    = {Lecture Notes in Computer Science},
  volume    = {5126},
  pages     = {667--678},
  publisher = {Springer},
  year      = {2008}
}




@inproceedings{DBLP:conf/eurocrypt/ChaseKLM12,
  author    = {Melissa Chase and
               Markulf Kohlweiss and
               Anna Lysyanskaya and
               Sarah Meiklejohn},
  title     = {Malleable Proof Systems and Applications},
  booktitle = {{EUROCRYPT}},
  series    = {Lecture Notes in Computer Science},
  volume    = {7237},
  pages     = {281--300},
  publisher = {Springer},
  year      = {2012}
}


@inproceedings{DBLP:conf/innovations/BonehSW12,
  author    = {Dan Boneh and
               Gil Segev and
               Brent Waters},
  title     = {Targeted malleability: homomorphic encryption for restricted computations},
  booktitle = {{ITCS}},
  pages     = {350--366},
  publisher = {{ACM}},
  year      = {2012}
}



@inproceedings{DBLP:conf/eurocrypt/CanettiHK04,
  author    = {Ran Canetti and
               Shai Halevi and
               Jonathan Katz},
  title     = {Chosen-Ciphertext Security from Identity-Based Encryption},
  booktitle = {{EUROCRYPT}},
  series    = {Lecture Notes in Computer Science},
  volume    = {3027},
  pages     = {207--222},
  publisher = {Springer},
  year      = {2004}
}

@inproceedings{DBLP:conf/eurocrypt/AbeKOT15,
  author    = {Masayuki Abe and
               Markulf Kohlweiss and
               Miyako Ohkubo and
               Mehdi Tibouchi},
  title     = {Fully Structure-Preserving Signatures and Shrinking Commitments},
  booktitle = {{EUROCRYPT} {(2)}},
  series    = {Lecture Notes in Computer Science},
  volume    = {9057},
  pages     = {35--65},
  publisher = {Springer},
  year      = {2015}
}

@inproceedings{DBLP:conf/dim/CamenischGH08,
  author    = {Jan Camenisch and
               Thomas Gro{\ss} and
               Thomas S. Heydt{-}Benjamin},
  title     = {Rethinking accountable privacy supporting services: extended abstract},
  booktitle = {Digital Identity Management},
  pages     = {1--8},
  publisher = {{ACM}},
  year      = {2008}
}



@inproceedings{DBLP:conf/pkc/Green11,
  author    = {Matthew Green},
  title     = {Secure Blind Decryption},
  booktitle = {Public Key Cryptography},
  series    = {Lecture Notes in Computer Science},
  volume    = {6571},
  pages     = {265--282},
  publisher = {Springer},
  year      = {2011}
}

@inproceedings{DBLP:conf/eurocrypt/GrothS08,
  author    = {Jens Groth and
               Amit Sahai},
  title     = {Efficient Non-interactive Proof Systems for Bilinear Groups},
  booktitle = {{EUROCRYPT}},
  series    = {Lecture Notes in Computer Science},
  volume    = {4965},
  pages     = {415--432},
  publisher = {Springer},
  year      = {2008}
}

@inproceedings{DBLP:conf/crypto/AbeFGHO10,
  author    = {Masayuki Abe and
               Georg Fuchsbauer and
               Jens Groth and
               Kristiyan Haralambiev and
               Miyako Ohkubo},
  title     = {Structure-Preserving Signatures and Commitments to Group Elements},
  booktitle = {{CRYPTO}},
  series    = {Lecture Notes in Computer Science},
  volume    = {6223},
  pages     = {209--236},
  publisher = {Springer},
  year      = {2010}
}

@article{DBLP:journals/iacr/AbeHO10,
  author    = {Masayuki Abe and
               Kristiyan Haralambiev and
               Miyako Ohkubo},
  title     = {Signing on Elements in Bilinear Groups for Modular Protocol Design},
  journal   = {{IACR} Cryptology ePrint Archive},
  volume    = {2010},
  pages     = {133},
  year      = {2010}
}

@inproceedings{DBLP:conf/asiacrypt/CamenischHKLN11,
  author    = {Jan Camenisch and
               Kristiyan Haralambiev and
               Markulf Kohlweiss and
               Jorn Lapon and
               Vincent Naessens},
  title     = {Structure Preserving {CCA} Secure Encryption and Applications},
  booktitle = {{ASIACRYPT}},
  series    = {Lecture Notes in Computer Science},
  volume    = {7073},
  pages     = {89--106},
  publisher = {Springer},
  year      = {2011}
}